<record><leader>00000cas a22000007a 4500</leader><controlfield tag="001">12605823</controlfield><controlfield tag="008">850926d19111913wiuwr ne      0    0eng d</controlfield><datafield ind1=" " ind2=" " tag="010"><subfield code="a">sn 85041170 </subfield></datafield><datafield ind1=" " ind2=" " tag="040"><subfield code="a">NPV</subfield><subfield code="b">eng</subfield><subfield code="c">NPV</subfield><subfield code="d">OCLCQ</subfield></datafield><datafield ind1=" " ind2=" " tag="042"><subfield code="a">msc</subfield></datafield><datafield ind1=" " ind2=" " tag="045"><subfield code="a">x1x1</subfield></datafield><datafield ind1=" " ind2=" " tag="052"><subfield code="a">4123</subfield><subfield code="b">L4</subfield></datafield><datafield ind1="0" ind2="4" tag="245"><subfield code="a">The Antigo journal, the Antigo republican.</subfield></datafield><datafield ind1=" " ind2=" " tag="260"><subfield code="a">Antigo, Wis. :</subfield><subfield code="b">Berner Bros.,</subfield><subfield code="c">1911-1913.</subfield></datafield><datafield ind1=" " ind2=" " tag="300"><subfield code="a">v. :</subfield><subfield code="b">ill.</subfield></datafield><datafield ind1=" " ind2=" " tag="310"><subfield code="a">Weekly</subfield></datafield><datafield ind1="0" ind2=" " tag="362"><subfield code="a">Vol. 13, no. 6 (Sept. 29, 1911)-v.15, no. 14 (Nov. 14, 1913).</subfield></datafield><datafield ind1=" " ind2=" " tag="500"><subfield code="a">Editor: F.L. Berner, Sept. 29, 1911-Nov. 14, 1913.</subfield></datafield><datafield ind1=" " ind2=" " tag="530"><subfield code="a">Available on microfilm from the State Historical Society of Wisconsin.</subfield></datafield><datafield ind1=" " ind2=" " tag="752"><subfield code="a">United States</subfield><subfield code="b">Wisconsin</subfield><subfield code="c">Langlade</subfield><subfield code="d">Antigo.</subfield></datafield><datafield ind1="0" ind2="0" tag="780"><subfield code="t">Antigo journal</subfield><subfield code="w">(DLC)sn 85041173</subfield></datafield><datafield ind1="0" ind2="0" tag="785"><subfield code="t">Antigo journal</subfield><subfield code="w">(DLC)sn 85041172</subfield></datafield><datafield ind1="1" ind2=" " tag="029"><subfield code="a">AU@</subfield><subfield code="b">000025810438</subfield></datafield></record>